@Article{Silva2025,
  author  = {Silva, Carlos and Paladini, Edson},
  journal = {Machines},
  title   = {Smart Machine Vision System to Improve Decision-Making on the Assembly Line},
  year    = {2025},
  month   = {01},
  pages   = {98},
  volume  = {13},
  doi     = {10.3390/machines13020098},
  groups  = {FMEA},
}

@InProceedings{Reichenstein2022,
  author  = {Reichenstein, Tobias and Raffin, Tim and Sand, Christian and Franke, Jörg},
  title   = {Implementation of Machine Vision based Quality Inspection in Production: An Approach for the Accelerated Execution of Case Studies},
  year    = {2022},
  month   = {09},
  volume  = {112},
  doi     = {10.1016/j.procir.2022.09.058},
  groups  = {AI Inspection},
  journal = {Procedia CIRP},
}

@Article{Kim2021,
  author              = {Kim, Tae-Hyun and Kim, Hye-Rin and Cho, Yeong-Jun},
  journal             = {Sensors},
  title               = {Product Inspection Methodology via Deep Learning: An Overview},
  year                = {2021},
  month               = {07},
  pages               = {5039},
  volume              = {21},
  comment             = {Grad-cam pokrást},
  comment-kevin-danek = {Grad-cam pokrást},
  doi                 = {10.3390/s21155039},
  groups              = {AI Inspection},
  priority            = {prio1},
  ranking             = {rank4},
}

@Article{Huetten2024,
  author  = {Hütten, Nils and A. Gomes, Miguel and Hölken, Florian and Andricevic, Karlo and Meyes, Richard and Meisen, Tobias},
  journal = {Applied System Innovation},
  title   = {Deep Learning for Automated Visual Inspection in Manufacturing and Maintenance: A Survey of Open- Access Papers},
  year    = {2024},
  month   = {01},
  pages   = {11},
  volume  = {7},
  doi     = {10.3390/asi7010011},
  groups  = {AI Inspection},
}

@Article{Park2023,
  author  = {Park, Joon-Hyung and Kim, Yeong-Seok and Seo, Hwi and Cho, Yeong-Jun},
  journal = {Sensors},
  title   = {Analysis of Training Deep Learning Models for PCB Defect Detection},
  year    = {2023},
  month   = {03},
  pages   = {2766},
  volume  = {23},
  doi     = {10.3390/s23052766},
  groups  = {AI Inspection},
}

@Article{Benbarrad2021,
  author    = {Benbarrad, Tajeddine and Salhaoui, Marouane and Kenitar, Soukaina Bakhat and Arioua, Mounir},
  journal   = {Journal of Sensor and Actuator Networks},
  title     = {Intelligent Machine Vision Model for Defective Product Inspection Based on Machine Learning},
  year      = {2021},
  issn      = {2224-2708},
  month     = jan,
  number    = {1},
  pages     = {7},
  volume    = {10},
  doi       = {10.3390/jsan10010007},
  groups    = {AI Inspection},
  publisher = {MDPI AG},
}

@Article{Hridoy2022,
  author    = {Hridoy, Monowar Wadud and Rahman, Mohammad Mizanur and Sakib, Saadman},
  journal   = {Annals of Data Science},
  title     = {A Framework for Industrial Inspection System using Deep Learning},
  year      = {2022},
  issn      = {2198-5812},
  month     = jul,
  number    = {2},
  pages     = {445--478},
  volume    = {11},
  doi       = {10.1007/s40745-022-00437-1},
  publisher = {Springer Science and Business Media LLC},
}

@Article{Huang2022,
  author    = {Huang, Yi-Cheng and Hung, Kuo-Chun and Liu, Chun-Chang and Chuang, Ting-Hsueh and Chiou, Shean-Juinn},
  journal   = {Applied Sciences},
  title     = {Customized Convolutional Neural Networks Technology for Machined Product Inspection},
  year      = {2022},
  issn      = {2076-3417},
  month     = mar,
  number    = {6},
  pages     = {3014},
  volume    = {12},
  doi       = {10.3390/app12063014},
  priority  = {prio1},
  publisher = {MDPI AG},
  ranking   = {rank5},
}

@Comment{jabref-meta: databaseType:bibtex;}

@Comment{jabref-meta: grouping:
0 AllEntriesGroup:;
1 StaticGroup:AI Inspection\;0\;1\;\;\;\;;
1 StaticGroup:FMEA\;0\;1\;\;\;\;;
}
