@Article{Silva2025,
  author  = {Silva, Carlos and Paladini, Edson},
  journal = {Machines},
  title   = {Smart Machine Vision System to Improve Decision-Making on the Assembly Line},
  year    = {2025},
  month   = {01},
  pages   = {98},
  volume  = {13},
  doi     = {10.3390/machines13020098},
  groups  = {FMEA},
}

@InProceedings{Reichenstein2022,
  author  = {Reichenstein, Tobias and Raffin, Tim and Sand, Christian and Franke, Jörg},
  title   = {Implementation of Machine Vision based Quality Inspection in Production: An Approach for the Accelerated Execution of Case Studies},
  year    = {2022},
  month   = {09},
  volume  = {112},
  doi     = {10.1016/j.procir.2022.09.058},
  groups  = {AI Inspection},
  journal = {Procedia CIRP},
}

@Article{Kim2021,
  author              = {Kim, Tae-Hyun and Kim, Hye-Rin and Cho, Yeong-Jun},
  journal             = {Sensors},
  title               = {Product Inspection Methodology via Deep Learning: An Overview},
  year                = {2021},
  month               = {07},
  pages               = {5039},
  volume              = {21},
  comment             = {Grad-cam pokrást},
  comment-kevin-danek = {Grad-cam pokrást},
  doi                 = {10.3390/s21155039},
  groups              = {AI Inspection},
  priority            = {prio1},
  ranking             = {rank4},
}

@Article{Huetten2024,
  author  = {Hütten, Nils and A. Gomes, Miguel and Hölken, Florian and Andricevic, Karlo and Meyes, Richard and Meisen, Tobias},
  journal = {Applied System Innovation},
  title   = {Deep Learning for Automated Visual Inspection in Manufacturing and Maintenance: A Survey of Open- Access Papers},
  year    = {2024},
  month   = {01},
  pages   = {11},
  volume  = {7},
  doi     = {10.3390/asi7010011},
  groups  = {AI Inspection},
}

@Article{Park2023,
  author  = {Park, Joon-Hyung and Kim, Yeong-Seok and Seo, Hwi and Cho, Yeong-Jun},
  journal = {Sensors},
  title   = {Analysis of Training Deep Learning Models for PCB Defect Detection},
  year    = {2023},
  month   = {03},
  pages   = {2766},
  volume  = {23},
  doi     = {10.3390/s23052766},
  groups  = {AI Inspection},
}

@Article{Benbarrad2021,
  author    = {Benbarrad, Tajeddine and Salhaoui, Marouane and Kenitar, Soukaina Bakhat and Arioua, Mounir},
  journal   = {Journal of Sensor and Actuator Networks},
  title     = {Intelligent Machine Vision Model for Defective Product Inspection Based on Machine Learning},
  year      = {2021},
  issn      = {2224-2708},
  month     = jan,
  number    = {1},
  pages     = {7},
  volume    = {10},
  doi       = {10.3390/jsan10010007},
  groups    = {AI Inspection},
  publisher = {MDPI AG},
}

@Article{Hridoy2022,
  author    = {Hridoy, Monowar Wadud and Rahman, Mohammad Mizanur and Sakib, Saadman},
  journal   = {Annals of Data Science},
  title     = {A Framework for Industrial Inspection System using Deep Learning},
  year      = {2022},
  issn      = {2198-5812},
  month     = jul,
  number    = {2},
  pages     = {445--478},
  volume    = {11},
  doi       = {10.1007/s40745-022-00437-1},
  publisher = {Springer Science and Business Media LLC},
}

@Article{Huang2022,
  author    = {Huang, Yi-Cheng and Hung, Kuo-Chun and Liu, Chun-Chang and Chuang, Ting-Hsueh and Chiou, Shean-Juinn},
  journal   = {Applied Sciences},
  title     = {Customized Convolutional Neural Networks Technology for Machined Product Inspection},
  year      = {2022},
  issn      = {2076-3417},
  month     = mar,
  number    = {6},
  pages     = {3014},
  volume    = {12},
  doi       = {10.3390/app12063014},
  priority  = {prio1},
  publisher = {MDPI AG},
  ranking   = {rank5},
}

@InProceedings{Gutierrez2021,
  author    = {Gutierrez, Pierre and Luschkova, Maria and Cordier, Antoine and Shukor, Mustafa and Schappert, Mona and Dahmen, Tim},
  booktitle = {Fifteenth International Conference on Quality Control by Artificial Vision},
  title     = {Synthetic training data generation for deep learning based quality inspection},
  year      = {2021},
  editor    = {Komuro, Takashi and Shimizu, Tsuyoshi},
  month     = jul,
  publisher = {SPIE},
  doi       = {10.1117/12.2586824},
}

@Article{Kazmi2023,
  author    = {Kazmi, Majida and Hafeez, Basra and Aftab, Fakhra and Shahid, Jamal and Qazi, Saad Ahmed},
  journal   = {IEEE Access},
  title     = {A Deep Learning-Based Framework for Visual Inspection of Plastic Bottles},
  year      = {2023},
  issn      = {2169-3536},
  pages     = {125529--125542},
  volume    = {11},
  doi       = {10.1109/access.2023.3329565},
  publisher = {Institute of Electrical and Electronics Engineers (IEEE)},
}

@Article{Zheng2021,
  author    = {Zheng, Xiaoqing and Zheng, Song and Kong, Yaguang and Chen, Jie},
  journal   = {The International Journal of Advanced Manufacturing Technology},
  title     = {Recent advances in surface defect inspection of industrial products using deep learning techniques},
  year      = {2021},
  issn      = {1433-3015},
  month     = jan,
  number    = {1–2},
  pages     = {35--58},
  volume    = {113},
  doi       = {10.1007/s00170-021-06592-8},
  publisher = {Springer Science and Business Media LLC},
}

@Article{Wei2018,
  author    = {Wei, Peng and Liu, Chang and Liu, Mengyuan and Gao, Yunlong and Liu, Hong},
  journal   = {The Journal of Engineering},
  title     = {CNN‐based reference comparison method for classifying bare PCB defects},
  year      = {2018},
  issn      = {2051-3305},
  month     = oct,
  number    = {16},
  pages     = {1528--1533},
  volume    = {2018},
  doi       = {10.1049/joe.2018.8271},
  publisher = {Institution of Engineering and Technology (IET)},
}

@Article{Zhang2018,
  author    = {Zhang, Xinman and Zhang, Jiayu and Ma, Mei and Chen, Zhiqi and Yue, Shuangling and He, Tingting and Xu, Xuebin},
  journal   = {Sensors},
  title     = {A High Precision Quality Inspection System for Steel Bars Based on Machine Vision},
  year      = {2018},
  issn      = {1424-8220},
  month     = aug,
  number    = {8},
  pages     = {2732},
  volume    = {18},
  doi       = {10.3390/s18082732},
  publisher = {MDPI AG},
}

@Article{Jian2020,
  author    = {Jian, Bo-lin and Hung, Jui-Pin and Wang, Cheng-Chi and Liu, Chun-Chang},
  journal   = {Sensors and Materials},
  title     = {Deep Learning Model for Determining Defects of Vision Inspection Machine Using Only a Few Samples},
  year      = {2020},
  issn      = {0914-4935},
  month     = dec,
  number    = {12},
  pages     = {4217},
  volume    = {32},
  doi       = {10.18494/sam.2020.3101},
  publisher = {MYU K.K.},
}

@Article{Zakaria2020,
  author    = {Zakaria, S S and Amir, A and Yaakob, N and Nazemi, S},
  journal   = {IOP Conference Series: Materials Science and Engineering},
  title     = {Automated Detection of Printed Circuit Boards (PCB) Defects by Using Machine Learning in Electronic Manufacturing: Current Approaches},
  year      = {2020},
  issn      = {1757-899X},
  month     = feb,
  number    = {1},
  pages     = {012064},
  volume    = {767},
  doi       = {10.1088/1757-899x/767/1/012064},
  publisher = {IOP Publishing},
}

@Comment{jabref-meta: databaseType:bibtex;}

@Comment{jabref-meta: grouping:
0 AllEntriesGroup:;
1 StaticGroup:AI Inspection\;0\;1\;\;\;\;;
1 StaticGroup:FMEA\;0\;1\;\;\;\;;
}
