@Book{Kasper2008,
  author    = {Kasper, Tomáš and Kasperová, Dana},
  publisher = {Grada},
  title     = {Dějiny Pedagogiky},
  year      = {2008},
  address   = {Praha},
  isbn      = {978-80-247-2429-4},
  date      = {2008},
  journal   = {Pedagogika.},
  pages     = {224},
}

@Book{Kopecky2021,
	author    = {Kamil Kopecký},
	publisher = {Univerzita Palackého v Olomouci},
	title     = {Moderní technologie ve výuce},
	year      = {2021},
	isbn      = {978-80-244-5926-4}
}

@online{Zormanova2022,
	author	= {Lucie Zormanová},
	title	= {Gamifikace – nový fenomén ve výuce},
	year	= {2022},
	url 	= {https://clanky.rvp.cz/clanek/c/Z/22995/gamifikace-novy-fenomen-ve-vyuce.html},
	urldate	= {2025-05-15}
}

@online{Ucitele2020,
	author	= {Libor Klubal},
	title	= {Zábavné testování s Kahoot!},
	publisher	= {Učitelé učitelům},
	year	= {2020},
	month	= {12},
	day		= {4},
	url		= {https://ucitel.kvcso.cz/?p=706},
	urldate	= {2025-05-15}
}

@thesis{Vasicek2012,
	author = {Vladislav Vašíček},
	title = {Historie školství od zavedení povinné školní docházky},
	type = {Bakalářská práce},
	institution = {Univerzita Palackého v Olomouci, Filozofická fakulta},
	date = {2012},
	url = {https://theses.cz/id/74mval/Bakalsk_prce_Vladislav_Vaek.pdf},
	urldate = {2025-05-15},
}

@online{MUNI2013,
	author = {Ema Marušáková},
	title = {Studentům s handicapem pomáhají nové technologie},
	publisher = {Masarykova Univerzita},
	year = {2013},
	month = {3},
	day = {31},
	url = {https://www.em.muni.cz/tema/3530-nove-technologie-a-psychologove-pro-studenty-s-handicapem-to-nejlepsi},
	urldate={2025-05-15},
	OPTsubtitle = {Masarykova univerzita je průkopníkem ve zpřístupňování studia handicapovaným lidem.}
}

@online{DotaceEU2022,
	author	= {{DotaceEU}},
	title	= {MMR: Na lepší vybavení základních škol máme připraveno 3,2 mld. Kč},
	year	= {2022},
	month	= {11},
	day		= {1},
	url		= {https://www.dotaceeu.cz/cs/evropske-fondy-v-cr/novinky/mmr-na-lepsi-vybaveni-zakladnich-skol-mame-priprav},
	urldate	= {2025-05-15}
}

@online{ITI2025,
	author	= {{Magistrát města Jablonec nad Nisou}},
	title	= {ITI - Integrované územní investice},
	year	= {2025},
	url		= {https://www.mestojablonec.cz/cs/mesto/projekty/iti-integrovane-uzemni-investice/},
	urldate	= {2025-05-15}
}

@online{britannica_transistor,
	author       = {Michael Riordan},
	title        = {Transistor: Innovation at Bell Labs},
	year         = {2024},
	url          = {https://www.britannica.com/technology/transistor/Innovation-at-Bell-Labs},
	urldate      = {2025-05-16}
}

@online{britannica_ic,
	author       = {Judy Lynne Saint and Christopher Saint},
	title        = {Integrated Circuit (IC)},
	year         = {2024},
	url          = {https://www.britannica.com/technology/integrated-circuit},
	urldate      = {2025-05-16}
}

@Comment{jabref-meta: databaseType:bibtex;}
